<?xml version="1.0" encoding="UTF-8"?>
<collection xmlns:xsi="http://www.w3.org/2001/XMLSchema-instance" xsi:schemaLocation="http://www.loc.gov/MARC21/slim http://www.loc.gov/standards/marcxml/schema/MARC21slim.xsd" xmlns="http://www.loc.gov/MARC21/slim">
<record>
  <leader>02000cam a2200385 a 4500</leader>
  <controlfield tag="001">4271897</controlfield>
  <controlfield tag="003">NNC</controlfield>
  <controlfield tag="005">20130428123649.0</controlfield>
  <controlfield tag="008">910607s1969    iq            000 0 ara d</controlfield>
  <datafield tag="010" ind1=" " ind2=" ">
    <subfield code="a">   70251774 </subfield>
  </datafield>
  <datafield tag="020" ind1=" " ind2=" ">
    <subfield code="c">ID.120</subfield>
  </datafield>
  <datafield tag="035" ind1=" " ind2=" ">
    <subfield code="a">(OCoLC)23897657</subfield>
  </datafield>
  <datafield tag="035" ind1=" " ind2=" ">
    <subfield code="a">(OCoLC)ocm23897657</subfield>
  </datafield>
  <datafield tag="035" ind1=" " ind2=" ">
    <subfield code="a">(NNC)4271897</subfield>
  </datafield>
  <datafield tag="040" ind1=" " ind2=" ">
    <subfield code="c">NN</subfield>
    <subfield code="d">NN</subfield>
    <subfield code="d">CStRLIN</subfield>
    <subfield code="d">UaCaAUL</subfield>
  </datafield>
  <datafield tag="050" ind1="0" ind2=" ">
    <subfield code="a">PJ6074</subfield>
    <subfield code="b">.J34</subfield>
  </datafield>
  <datafield tag="066" ind1=" " ind2=" ">
    <subfield code="c">(3</subfield>
  </datafield>
  <datafield tag="090" ind1=" " ind2=" ">
    <subfield code="a">PJ6074</subfield>
    <subfield code="b">.J34 1969</subfield>
  </datafield>
  <datafield tag="100" ind1="1" ind2=" ">
    <subfield code="6">880-01</subfield>
    <subfield code="a">Jawād, Muṣṭafá.</subfield>
  </datafield>
  <datafield tag="245" ind1="1" ind2="0">
    <subfield code="6">880-02</subfield>
    <subfield code="a">Rasāʾil fī al-naḥw wa-al-lughah /</subfield>
    <subfield code="c">ḥaqqaqahā wa-sharaḥahā wa-ʻallaqa ʻalayhā Muṣṭafá Jawād, Yūsuf Yaʻqūb Maskūnī.</subfield>
  </datafield>
  <datafield tag="260" ind1=" " ind2=" ">
    <subfield code="6">880-03</subfield>
    <subfield code="a">Baghdād :</subfield>
    <subfield code="b">al-Muʾassasah al-ʻĀmmah lil-Ṣiḥāfah wa-al-Ṭibāʻah, Dar al-Jumhūīyah,</subfield>
    <subfield code="c">1969.</subfield>
  </datafield>
  <datafield tag="300" ind1=" " ind2=" ">
    <subfield code="a">84 p.</subfield>
    <subfield code="c">24 cm.</subfield>
  </datafield>
  <datafield tag="490" ind1="1" ind2=" ">
    <subfield code="a">Wizārat al-Thaqāfah wa-al-Iʻlām. Mudīrīyat al-Thaqāfah al-ʻĀmmah. Silsilat kutub al-turāth ;</subfield>
    <subfield code="v">11</subfield>
  </datafield>
  <datafield tag="505" ind1="0" ind2=" ">
    <subfield code="a">Tamām faṣīḥ al-kalām, li-ibn Fāris. -- al-Ḥudūd fī al-naḥw lil-Rummānī. -- Manāzil al-Ḥurūf, lil-Rummānī.</subfield>
  </datafield>
  <datafield tag="650" ind1=" " ind2="0">
    <subfield code="a">Arabic language.</subfield>
  </datafield>
  <datafield tag="700" ind1="1" ind2=" ">
    <subfield code="a">Miskūnī, Yūsuf Yaʻqūb.</subfield>
  </datafield>
  <datafield tag="700" ind1="1" ind2="2">
    <subfield code="a">Ibn Fāris al-Qazwīnī, Aḥmad,</subfield>
    <subfield code="d">active 10th century.</subfield>
    <subfield code="t">Tamām Faṣīh al-kalām.</subfield>
  </datafield>
  <datafield tag="700" ind1="1" ind2="2">
    <subfield code="a">Rummānī, ʻAlī ibn ʻĪsá,</subfield>
    <subfield code="d">-994.</subfield>
    <subfield code="t">Ḥudūd fī al-naḥw.</subfield>
  </datafield>
  <datafield tag="700" ind1="1" ind2="2">
    <subfield code="a">Rummānī, ʻAlī ibn ʻĪsá,</subfield>
    <subfield code="d">-994.</subfield>
    <subfield code="t">Manāzil al-ḥurūf.</subfield>
  </datafield>
  <datafield tag="830" ind1=" " ind2="0">
    <subfield code="a">Wizārat al-Thaqāfah wa-al-Iʻlām. Mudīrīyat al-Thaqāfah al-ʻĀmmah. Silsilat kutub al-turāth ;</subfield>
    <subfield code="v">11.</subfield>
  </datafield>
  <datafield tag="880" ind1="1" ind2=" ">
    <subfield code="6">100-01/(3/r</subfield>
    <subfield code="a">جواد، مصطفى.</subfield>
  </datafield>
  <datafield tag="880" ind1="1" ind2="0">
    <subfield code="6">245-02/(3/r</subfield>
    <subfield code="a">رسائل فيى النحو واللغة /</subfield>
    <subfield code="c">حققها وشرحها وعلق عليها مصطفى جواد، يوسف يعقوب مسكونى .</subfield>
  </datafield>
  <datafield tag="880" ind1=" " ind2=" ">
    <subfield code="6">260-03/(3/r</subfield>
    <subfield code="a">بغداد :</subfield>
    <subfield code="b">المؤسسة العامة للصحافة والطباعة، دار الجمهورية،</subfield>
    <subfield code="c">١٩٦٩.</subfield>
  </datafield>
  <datafield tag="955" ind1=" " ind2=" ">
    <subfield code="b">0026813220</subfield>
    <subfield code="d">glx</subfield>
    <subfield code="e">956 Ir32 no.11</subfield>
  </datafield>
</record>
</collection>